@misc{  
    clase, 
    author={{Lín Bing Jónsdóttir, et al.}, L.}, 
    title={Falling Behind}, 
    howpublished = {Youtube Music},
    url={https://music.youtube.com/watch?v=Vj2VHNvkBPA&si=nf5MffY9k-ShZcxR}
}